@unpublished{lab_handout,
    author =    {UNSW},
    title =     {Beam Deflection Laboratory T3 2019 ENGG2400 Mechanics of Solids 1},
    year =      {2019},
}

@online{common_values,
    title =     {Young's Modulus - Tensile and Yield Strength for common Materials},
    url  =      {https://www.engineeringtoolbox.com/young-modulus-d\_417.html},
    note =     {(Visited: 10 Nov. 2019)},
}

